@article{XiaReview,
  author={Xia, Feng and Liu, Jiaying and Nie, Hansong and Fu, Yonghao and Wan, Liangtian and Kong, Xiangjie},
  journal={IEEE Transactions on Emerging Topics in Computational Intelligence}, 
  title={Random Walks: A Review of Algorithms and Applications}, 
  year={2020},
  volume={4},
  number={2},
  pages={95-107},
}

@book{MitzenmacherProbability,
  address = {New York},
  title = {Probability and Computing: Randomized Algorithms and Probabilistic Analysis},
  isbn = {9780521835404},
  shorttitle = {Probability and Computing},
  publisher = {Cambridge University Press},
  author = {Mitzenmacher, Michael and Upfal, Eli},
  year = {2005},
}

@book{HalmosLinearAlgebra,
  address = {New York},
  series = {Undergraduate texts in mathematics},
  title = {Finite-dimensional vector spaces},
  isbn = {9780387900933},
  publisher = {Springer-Verlag},
  author = {Halmos, Paul R.},
  year = {1974},
  keywords = {Vector spaces, Transformations (Mathematics)},
}

@article{KempeIntroduction,
  author = {Kempe, Julia},
  title = {Quantum random walks: An introductory overview},
  journal = {Contemporary Physics},
  volume = {44},
  number = {4},
  pages = {307-327},
  year  = {2003},
  publisher = {Taylor & Francis},
}

@book{Hirvensalo,
  author = {Hirvensalo, Mika},
  title = {Quantum computing},
  publisher = {Springer},
  address = {Berlin; New York},
  isbn = {9783540407041},
  year = {2001},
}

@book{ImreSandor,
  address = {Hoboken, N.J.},
  title = {Quantum computing and communications: an engineering approach},
  isbn = {9781118725474},
  shorttitle = {Quantum computing and communications},
  publisher = {Wiley},
  author = {Balázs, Ferenc and Imre, Sándor},
  year = {2013},
}

@book{Portugal,
  address = {Berlin; New York},
  series = {Quantum {Science} and {Technology}},
  title = {Quantum {Walks} and {Search} {Algorithms}},
  isbn = {9783319978130},
  publisher = {Springer},
  author = {Portugal, Renato},
  year = {2018},
}

@book{DesignPatterns,
  series = {Addison-{Wesley} professional computing series},
  title = {Design Patterns: Elements of Reusable Object-Oriented Software},
  isbn = {9780201633610},
  shorttitle = {Design Patterns},
  publisher = {Addison-Wesley},
  author = {Gamma, Erich and Helm, Richard and Johnson, Ralph and Vlissides, John},
  year = {1995},
}

@InProceedings{Santha,
  author="Santha, Miklos",
  editor="Agrawal, Manindra and Du, Dingzhu and Duan, Zhenhua and Li, Angsheng",
  title="Quantum Walk Based Search Algorithms",
  booktitle="Theory and Applications of Models of Computation",
  year="2008",
  publisher="Springer",
  address="Berlin, Heidelberg",
  pages="31--46",
  isbn="9783540792284"
}

@InProceedings{Szegedy,
  author = {Szegedy, Mario},
  booktitle = {2013 IEEE 54th Annual Symposium on Foundations of Computer Science},
  title = {Quantum Speed-Up of Markov Chain Based Algorithms},
  year = {2004},
  volume = {},
  issn = {0272-5428},
  pages = {32-41},
  publisher = {IEEE Computer Society},
  address = {Los Alamitos, CA, USA}
}

@article{Aharonov,
  title = {Quantum random walks},
  author = {Aharonov, Yakir and Davidovich, Luiz and Zagury, Nicim},
  journal = {Physical Review A},
  volume = {48},
  issue = {2},
  pages = {1687--1690},
  numpages = {0},
  year = {1993},
  publisher = {American Physical Society},
}

@article{MNRS,
  author = {Magniez, Frédéric and Nayak, Ashwin and Roland, Jérémie and Santha, Miklos},
  title = {Search via Quantum Walk},
  journal = {SIAM Journal on Computing},
  volume = {40},
  number = {1},
  pages = {142-164},
  year = {2011},
}